@ARTICLE{EP-Archidiacono,
       author = {{Euclid Collaboration: Archidiacono}, M. and {Lesgourgues}, J. and {Casas} and others},
        title = "{Euclid preparation. Sensitivity to neutrino parameters}",
      journal = {A\&A, submitted},
     keywords = {Astrophysics - Cosmology and Nongalactic Astrophysics},
         year = 2024,
        month = may,
          eid = {arXiv:2405.06047},
        pages = {arXiv:2405.06047},
          doi = {10.48550/arXiv.2405.06047},
archivePrefix = {arXiv},
       eprint = {2405.06047},
 primaryClass = {astro-ph.CO},
       adsurl = {https://ui.adsabs.harvard.edu/abs/2024arXiv240506047E},
      adsnote = {Provided by the SAO/NASA Astrophysics Data System}
}

@ARTICLE{EuclidSkyOverview,
author = {{Euclid Collaboration: Mellier}, Y. and {Abdurro'uf} and {Acevedo~Barroso}, J.A. and others},
title = "{\euclid. I. Overview of the \euclid mission}",
journal = {\aap, accepted},
         year = 2024,
        month = may,
          eid = {arXiv:2405.13491},
        pages = {arXiv:2405.13491},
archivePrefix = {arXiv},
       eprint = {2405.13491},
 primaryClass = {astro-ph.CO},
       adsurl = {https://ui.adsabs.harvard.edu/abs/2024arXiv240513491E},
      adsnote = {Provided by the SAO/NASA Astrophysics Data System}
}

@article{ParticleDataGroup:2024cfk,
    author = "{Particle Data Group: Navas}, S. and {Amsler}, C. and {Gutsche}, T. and others",
    title = "{Review of particle physics}",
    doi = "10.1103/PhysRevD.110.030001",
    journal = "\prd",
    volume = "110",
    number = "3",
    pages = "030001",
    year = "2024"
}

@article{Vagnozzi_2018,
   author={{Vagnozzi}, S. and {Brinckmann}, T. and {Archidiacono}, M. and others},
   title={Bias due to neutrinos must not uncorrect’d go},
   journal={\jcap},
   year=2018,
   month=sep,
   volume={09},
   number={9},
   eid=001,
   pages=001,
   ISSN={1475-7516},
   url={http://dx.doi.org/10.1088/1475-7516/2018/09/001},
   DOI={10.1088/1475-7516/2018/09/001},
   publisher={IOP Publishing},
}

@article{Diego_Blas_2011,
   author={{Blas}, D. and {Lesgourgues}, J. and {Tram} T.},
   title="{The Cosmic Linear Anisotropy Solving System (CLASS).
 Part II: Approximation schemes}",
   journal={\jcap},
   year=2011,
   month=jul, 
   volume={07},
   number={7},
   eid=034,
   pages=034,
   ISSN={1475-7516},
   url={http://dx.doi.org/10.1088/1475-7516/2011/07/034},
   DOI={10.1088/1475-7516/2011/07/034},
   publisher={IOP Publishing},
}

@article{Audren:2012wb,
      author         = "{Audren}, B. and {Lesgourgues}, J. and {Benabed},
                        K. and others",
      title          = "{Conservative Constraints on Early Cosmology: an
                        illustration of the \texttt{Monte Python} cosmological parameter
                        inference code}",
      journal        = "\jcap",
      year           = "2013",
      month =feb,
      volume         = "02",
      pages          = "001",
      doi            = "10.1088/1475-7516/2013/02/001",
      eprint         = "1210.7183",
      archivePrefix  = "arXiv",
      primaryClass   = "astro-ph.CO",
      reportNumber   = "CERN-PH-TH-2012-290, LAPTH-048-12",
      SLACcitation   = "%%CITATION = ARXIV:1210.7183;%%",
}

@ARTICLE{Blanchard-EP7,
       author = {{Euclid Collaboration: Blanchard}, A. and {Camera}, S. and {Carbone}, C. and others},
        title = "{Euclid preparation. VII. Forecast validation for Euclid cosmological probes}",
      journal = {\aap},
     keywords = {cosmology: observations, cosmological parameters, cosmology: theory, Astrophysics - Cosmology and Nongalactic Astrophysics},
         year = 2020,
        month = oct,
       volume = {642},
          eid = {A191},
        pages = {A191},
          doi = {10.1051/0004-6361/202038071},
archivePrefix = {arXiv},
       eprint = {1910.09273},
 primaryClass = {astro-ph.CO},
       adsurl = {https://ui.adsabs.harvard.edu/abs/2020A\&A...642A.191E},
      adsnote = {Provided by the SAO/NASA Astrophysics Data System}
}

@misc{2011ascl.soft02026L,
       author = {{Lewis}, Antony and {Challinor}, Anthony},
        title = "{CAMB: Code for Anisotropies in the Microwave Background}",
 howpublished = {Astrophysics Source Code Library, record ascl:1102.026},
         year = 2011,
        month = feb,
          eid = {ascl:1102.026},
       adsurl = {https://ui.adsabs.harvard.edu/abs/2011ascl.soft02026L},
      adsnote = {Provided by the SAO/NASA Astrophysics Data System}
}

@article{Mead_2021,
   title={\texttt{HMCode-2020}: improved modelling of non-linear cosmological power spectra with baryonic feedback},
   volume={502},
   ISSN={1365-2966},
   url={http://dx.doi.org/10.1093/mnras/stab082},
   DOI={10.1093/mnras/stab082},
   number={1},
   journal={\mnras},
   publisher={Oxford University Press (OUP)},
   author={Mead, A J and Brieden, S and Tröster, T and Heymans, C},
   year={2021},
   month=jan, pages={1401–1422}
}

@ARTICLE{Casas23,
       author = {{Casas}, S. and {Lesgourgues}, J. and {Sch{\"o}neberg}, N. and others},
        title = "{Euclid: Validation of the MontePython forecasting tools}",
      journal = {\aap},
     keywords = {cosmology: theory, surveys, cosmology: observations, large-scale structure of Universe, cosmological parameters, Astrophysics - Cosmology and Nongalactic Astrophysics},
         year = 2024,
        month = feb,
       volume = {682},
          eid = {A90},
        pages = {A90},
          doi = {10.1051/0004-6361/202346772},
archivePrefix = {arXiv},
       eprint = {2303.09451},
 primaryClass = {astro-ph.CO},
       adsurl = {https://ui.adsabs.harvard.edu/abs/2024A&A...682A..90C},
      adsnote = {Provided by the SAO/NASA Astrophysics Data System}
}

@article{Villaescusa_Navarro_2018,
   title={The Imprint of Neutrinos on Clustering in Redshift Space},
   volume={861},
   ISSN={1538-4357},
   url={http://dx.doi.org/10.3847/1538-4357/aac6bf},
   DOI={10.3847/1538-4357/aac6bf},
   number={1},
   journal={\apj},
   publisher={American Astronomical Society},
   author={Villaescusa-Navarro, Francisco and Banerjee, Arka and Dalal, Neal and Castorina, Emanuele and Scoccimarro, Roman and Angulo, Raul and Spergel, David N.},
   year={2018},
   month=jul, pages={53} }

@book{Lesgourgues:2013sjj,
    author = "Lesgourgues, Julien and Mangano, Gianpiero and Miele, Gennaro and Pastor, Sergio",
    title = "{Neutrino Cosmology}",
    isbn = "978-1-108-70501-1, 978-1-139-60341-6",
    publisher = "Cambridge University Press",
    month = "2",
    year = "2013"
}

@article{Planck:2018vyg,
    author = {{Planck Collaboration}},
    title = "{Planck 2018 results. VI. Cosmological parameters}",
    eprint = "1807.06209",
    archivePrefix = "arXiv",
    primaryClass = "astro-ph.CO",
    doi = "10.1051/0004-6361/201833910",
    journal = "\aap",
    volume = "641",
    pages = "A6",
    year = "2020",
    note = "[Erratum: A\&A 652, C4 (2021)]"
}

@article{ParticleDataGroup:2022pth2,
    author = "Gonzalez-Garcia, M.C. and Yokoyama, M.",
    collaboration = "Particle Data Group",
    journal = "{PTEP}",
    doi = "10.1093/ptep/ptac097",
    title = "Review on {\it Neutrino Masses, Mixing, and Oscillations} of the RPP",
    volume = "2022",
    pages = "083C01",
    year = "2022"
}

@ARTICLE{LiteBIRD,
       author = "{LiteBIRD Collaboration}",
        title = "{Probing cosmic inflation with the LiteBIRD cosmic microwave background polarization survey}",
      journal = {Progress of Theoretical and Experimental Physics},
     keywords = {Astrophysics - Instrumentation and Methods for Astrophysics, Astrophysics - Cosmology and Nongalactic Astrophysics},
         year = 2023,
        month = apr,
       volume = {2023},
       number = {4},
          eid = {042F01},
        pages = {042F01},
          doi = {10.1093/ptep/ptac150},
archivePrefix = {arXiv},
       eprint = {2202.02773},
 primaryClass = {astro-ph.IM},
       adsurl = {https://ui.adsabs.harvard.edu/abs/2023PTEP.2023d2F01L},
      adsnote = {Provided by the SAO/NASA Astrophysics Data System}
}

@ARTICLE{CMBS4,
       author = {{Abazajian}, Kevork N. and {Adshead}, Peter and {Ahmed}, Zeeshan and {Allen}, Steven W. and {Alonso}, David and {Arnold}, Kam S. and {Baccigalupi}, Carlo and {Bartlett}, James G. and {Battaglia}, Nicholas and {Benson}, Bradford A. and {Bischoff}, Colin A. and {Borrill}, Julian and {Buza}, Victor and {Calabrese}, Erminia and {Caldwell}, Robert and {Carlstrom}, John E. and {Chang}, Clarence L. and {Crawford}, Thomas M. and {Cyr-Racine}, Francis-Yan and {De Bernardis}, Francesco and {de Haan}, Tijmen and {di Serego Alighieri}, Sperello and {Dunkley}, Joanna and {Dvorkin}, Cora and {Errard}, Josquin and {Fabbian}, Giulio and {Feeney}, Stephen and {Ferraro}, Simone and {Filippini}, Jeffrey P. and {Flauger}, Raphael and {Fuller}, George M. and {Gluscevic}, Vera and {Green}, Daniel and {Grin}, Daniel and {Grohs}, Evan and {Henning}, Jason W. and {Hill}, J. Colin and {Hlozek}, Renee and {Holder}, Gilbert and {Holzapfel}, William and {Hu}, Wayne and {Huffenberger}, Kevin M. and {Keskitalo}, Reijo and {Knox}, Lloyd and {Kosowsky}, Arthur and {Kovac}, John and {Kovetz}, Ely D. and {Kuo}, Chao-Lin and {Kusaka}, Akito and {Le Jeune}, Maude and {Lee}, Adrian T. and {Lilley}, Marc and {Loverde}, Marilena and {Madhavacheril}, Mathew S. and {Mantz}, Adam and {Marsh}, David J.~E. and {McMahon}, Jeffrey and {Meerburg}, Pieter Daniel and {Meyers}, Joel and {Miller}, Amber D. and {Munoz}, Julian B. and {Nguyen}, Ho Nam and {Niemack}, Michael D. and {Peloso}, Marco and {Peloton}, Julien and {Pogosian}, Levon and {Pryke}, Clement and {Raveri}, Marco and {Reichardt}, Christian L. and {Rocha}, Graca and {Rotti}, Aditya and {Schaan}, Emmanuel and {Schmittfull}, Marcel M. and {Scott}, Douglas and {Sehgal}, Neelima and {Shandera}, Sarah and {Sherwin}, Blake D. and {Smith}, Tristan L. and {Sorbo}, Lorenzo and {Starkman}, Glenn D. and {Story}, Kyle T. and {van Engelen}, Alexander and {Vieira}, Joaquin D. and {Watson}, Scott and {Whitehorn}, Nathan and {Kimmy Wu}, W.~L.},
        title = "{CMB-S4 Science Book, First Edition}",
      journal = {arXiv e-prints},
     keywords = {Astrophysics - Cosmology and Nongalactic Astrophysics, General Relativity and Quantum Cosmology, High Energy Physics - Phenomenology, High Energy Physics - Theory},
         year = 2016,
        month = oct,
          eid = {arXiv:1610.02743},
        pages = {arXiv:1610.02743},
          doi = {10.48550/arXiv.1610.02743},
archivePrefix = {arXiv},
       eprint = {1610.02743},
 primaryClass = {astro-ph.CO},
       adsurl = {https://ui.adsabs.harvard.edu/abs/2016arXiv161002743A},
      adsnote = {Provided by the SAO/NASA Astrophysics Data System}
}
